@article{roweis2000nonlinear,
  title={Nonlinear dimensionality reduction by locally linear embedding},
  author={Roweis, Sam T and Saul, Lawrence K},
  journal={Science},
  volume={290},
  number={5500},
  pages={2323--2326},
  year={2000},
  publisher={American Association for the Advancement of Science}
}

@article{tenenbaum2000global,
  title={A global geometric framework for nonlinear dimensionality reduction},
  author={Tenenbaum, Joshua B and De Silva, Vin and Langford, John C},
  journal={Science},
  volume={290},
  number={5500},
  pages={2319--2323},
  year={2000},
  publisher={American Association for the Advancement of Science}
}

@book{cox2000multidimensional,
  title={Multidimensional scaling},
  author={Cox, Trevor F and Cox, Michael AA},
  year={2000},
  publisher={CRC Press}
}

@inproceedings{belkin2001laplacian,
  title={Laplacian Eigenmaps and Spectral Techniques for Embedding and Clustering.},
  author={Belkin, Mikhail and Niyogi, Partha},
  booktitle={NIPS},
  year={2001}
}

@inproceedings{ng2002spectral,
  title={On spectral clustering: Analysis and an algorithm},
  author={Ng, Andrew Y and Jordan, Michael I and Weiss, Yair and others},
  booktitle={NIPS},
  year={2002},
  %publisher={MIT}
}



@inproceedings{chen2011large,
  title={Large Scale Spectral Clustering with Landmark-Based Representation.},
  author={Chen, Xinlei and Cai, Deng},
  booktitle={AAAI},
  year={2011}
}

@inproceedings{bengio2004out,
  title={Out-of-sample extensions for lle, isomap, mds, eigenmaps, and spectral clustering},
  author={Bengio, Yoshua and Paiement, Jean-Fran{\c{c}}ois and Vincent, Pascal and Delalleau, Olivier and Le Roux, Nicolas and Ouimet, Marie},
  booktitle={NIPS},
  year={2004},
  %publisher={MIT}
}

@article{fowlkes2004spectral,
  title={Spectral grouping using the Nystrom method},
  author={Fowlkes, Charless and Belongie, Serge and Chung, Fan and Malik, Jitendra},
  journal={IEEE TPAMI},
  volume={26},
  number={2},
  pages={214--225},
  year={2004},
  publisher={IEEE}
}

@inproceedings{yan2009fast,
  title={Fast approximate spectral clustering},
  author={Yan, Donghui and Huang, Ling and Jordan, Michael I},
  booktitle={ACM SIGKDD},
  year={2009}
}

@inproceedings{niyogi2004locality,
  title={Locality preserving projections},
  author={Xiaofei He and Partha Niyogi},
  booktitle={NIPS},
  year={2004},
  %organization={MIT}
}

@inproceedings{nie2014clustering,
  title={Clustering and projected clustering with adaptive neighbors},
  author={Nie, Feiping and Wang, Xiaoqian and Huang, Heng},
  booktitle={ACM SIGKDD},
  year={2014}
}

@inproceedings{zhu2014constructing,
  title={Constructing robust affinity graphs for spectral clustering},
  author={Zhu, Xiatian and Loy, Chen Change and Gong, Shaogang},
  booktitle={CVPR},
  year={2014}
}

@inproceedings{premachandran2013consensus,
  title={Consensus of k-nns for robust neighborhood selection on graph-based manifolds},
  author={Premachandran, Vittal and Kakarala, Ramakrishna},
  booktitle={CVPR},
  year={2013},
}

@article{pavan2007dominant,
  title={Dominant sets and pairwise clustering},
  author={Pavan, Massimiliano and Pelillo, Marcello},
  journal={IEEE TPAMI},
  volume={29},
  number={1},
  pages={167--172},
  year={2007},
  publisher={IEEE}
}


@inproceedings{xing2002distance,
  title={Distance metric learning with application to clustering with side-information},
  author={Xing, Eric P and Jordan, Michael I and Russell, Stuart and Ng, Andrew Y},
  booktitle={NIPS},
  year={2002}
}

@inproceedings{weinberger2005distance,
  title={Distance metric learning for large margin nearest neighbor classification},
  author={Weinberger, Kilian Q and Blitzer, John and Saul, Lawrence K},
  booktitle={NIPS},
  year={2005}
}

@inproceedings{davis2007information,
  title={Information-theoretic metric learning},
  author={Davis, Jason V and Kulis, Brian and Jain, Prateek and Sra, Suvrit and Dhillon, Inderjit S},
  booktitle={ICML},
  year={2007}
}


@article{yang2006distance,
  title={Distance metric learning: A comprehensive survey},
  author={Yang, Liu and Jin, Rong},
  journal={Michigan State Universiy},
  volume={2},
  year={2006}
}

@article{kulis2012metric,
  title={Metric learning: A survey},
  author={Kulis, Brian},
  journal={Foundations and Trends in Machine Learning},
  volume={5},
  number={4},
  pages={287--364}, 
  year={2012}
}

@article{KCLee05, 
	author = {K.C. Lee and J. Ho and D. Kriegman}, 
	title =  {Acquiring linear subspaces for face recognition under variable lighting }, 
	journal = {IEEE TPAMI}, 
	year =  {2005}, 
	volume = {27}, 
	number = {5}, 
	pages= {684-698}
}

@article{von2007tutorial,
	title={A tutorial on spectral clustering},
	author={Von Luxburg, Ulrike},
	journal={Statistics and computing},
	volume={17},
	number={4},
	pages={395--416},
	year={2007},
	publisher={Springer}
}


@incollection{graham1998characterising,
  title={Characterising virtual eigensignatures for general purpose face recognition},
  author={Graham, Daniel B and Allinson, Nigel M},
  booktitle={Face Recognition},
  pages={446--456},
  year={1998},
  publisher={Springer}
}

@techreport{nene1996columbia,
	title={Columbia object image library (COIL-20)},
	author={Nene, Sameer A and Nayar, Shree K and Murase, Hiroshi and others},
	year={1996},
	institution={Technical Report CUCS-005-96}
}

@article{hull1994database,
	title={A database for handwritten text recognition research},
	author={Hull, Jonathan J},
	journal={IEEE TPAMI},
	volume={16},
	number={5},
	pages={550--554},
	year={1994},
	publisher={IEEE}
}

@article{lecun1998gradient,
	title={Gradient-based learning applied to document recognition},
	author={LeCun, Yann and Bottou, L{\'e}on and Bengio, Yoshua and Haffner, Patrick},
	journal={Proceedings of the IEEE},
	volume={86},
	number={11},
	pages={2278--2324},
	year={1998},
	publisher={IEEE}
}

@book{criminisi2012decision,
	title={Decision forests: A unified framework for classification, regression, density estimation, manifold learning and semi-supervised learning},
	author={Criminisi, Antonio and Shotton, Jamie and Konukoglu, Ender},
	year={2012},
	publisher={Now Publishers Inc.}
}

@inproceedings{pei2013unsupervised,
	title={Unsupervised random forest manifold alignment for lipreading},
	author={Pei, Yuru and Kim, Tae-Kyun and Zha, Hongbin},
	booktitle={ICCV},
	year={2013}
	%organization={IEEE}
}

@inproceedings{zhu2013video,
	title={Video synopsis by heterogeneous multi-source correlation},
	author={Zhu, Xiatian and Loy, Chen Change and Gong, Shaogang},
	booktitle={ICCV},
	year={2013}
	%organization={IEEE}
}


@inproceedings{liu2015low,
	title={Low-Rank similarity metric learning in high dimensions},
	author={Liu, Wei and Mu, Cun and Ji, Rongrong and Ma, Shiqian and Smith, John R and Chang, Shih-Fu},
	booktitle={AAAI},
	year={2015}
}
@inproceedings{qian2015fine,
	title={Fine-Grained Visual Categorization via Multi-stage Metric Learning},
	author={Qian, Qi and Jin, Rong and Zhu, Shenghuo and Lin, Yuanqing},
	booktitle={CVPR},
	year={2015}
}

@article{shi2000normalized,
  title={Normalized cuts and image segmentation},
  author={Shi, Jianbo and Malik, Jitendra},
  journal={IEEE TPAMI},
  volume={22},
  number={8},
  pages={888--905},
  year={2000},
  publisher={IEEE}
}

%
%
%
%

@book{Meta_CN,
  author    = {崔万照 and 马伟 and 邱乐德 and 张洪太},
  location  = {北京},
  publisher = {国防工业出版社},
  date      = {2008},
  title     = {电磁超介质及其应用},
}

@book{JohnD,
  author    = {Joannopoulos, J. D. and Johnson, S. G. and Winn, J. N.},
  publisher = {Princeton University Press},
  date      = {2008},
  title     = {Photonic Crystals: Molding the Flow of Light},
}

@book{IEEE-1363,
  author    = {{IEEE Std 1363-2000}},
  location  = {New York},
  publisher = {IEEE},
  date      = {2000},
  title     = {IEEE Standard Specifications for Public-Key Cryptography},
}

@article{chen2007act,
  author       = {Chen, H. and Chan, C. T.},
  publisher    = {AIP},
  date         = {2007},
  journaltitle = {Applied Physics Letters},
  pages        = {183518},
  title        = {Acoustic cloaking in three dimensions using acoustic metamaterials},
  volume       = {91},
}

@article{chen2007ewi,
  author       = {Chen, H. and Wu, B. I. and Zhang, B. and Kong, J. A.},
  publisher    = {APS},
  date         = {2007},
  journaltitle = {Physical Review Letters},
  number       = {6},
  pages        = {63903},
  title        = {Electromagnetic Wave Interactions with a Metamaterial Cloak},
  volume       = {99},
}

@article{he1999,
  author       = {何闻},
  date         = {1999},
  journaltitle = {机电工程},
  number       = {2},
  pages        = {47--49},
  title        = {标准动态力发生装置国内外研究现状},
}

@inproceedings{kocher99,
  author    = {Kocher, C. and Jaffe, J. and Jun, B.},
  editor    = {Wiener, M.},
  publisher = {Springer-Verlag},
  booktitle = {Advances in Cryptology ({CRYPTO}~'99)},
  date      = {1999-09},
  pages     = {388--397},
  series    = {Lecture Notes in Computer Science},
  title     = {Differential Power Analysis},
  volume    = {1666},
}

@incollection{Krasnogor2004e,
  author    = {Krasnogor, N.},
  editor    = {Hart, W.E. and Krasnogor, N. and Smith, J.E.},
  location  = {New York},
  publisher = {Springer Berlin Heidelberg},
  booktitle = {Recent Advances in Memetic Algorithms},
  date      = {2004},
  pages     = {185--207},
  series    = {Studies in Fuzziness and Soft Computing},
  title     = {Towards robust memetic algorithms},
  volume    = {166},
}

@incollection{zjsw,
  author    = {班固},
  editor    = {郑在瀛 and 汪超宏 and 周文复},
  location  = {武汉},
  publisher = {湖北人民出版社},
  booktitle = {传记散文英华},
  date      = {1998},
  pages     = {65--69},
  series    = {新古文观止丛书},
  title     = {苏武传},
  volume    = {2},
}

@inbook{clzs,
  author    = {阎真},
  publisher = {人民文学出版社},
  chapter   = {大人物还是讲人情的},
  date      = {2001},
  pages     = {185--207},
  title     = {沧浪之水},
}

@book{tex,
  author    = {Knuth, Donald E.},
  location  = {Reading, MA},
  publisher = {Addison-Wesley Publishing Company},
  date      = {1989},
  edition   = {15th},
  title     = {The {\TeX} Book},
}

@book{companion,
  author    = {Goosens, Michel and Mittelbach, Frank and Samarin, Alexander},
  location  = {Reading, MA},
  publisher = {Addison-Wesley Publishing Company},
  date      = {1994},
  pages     = {112--125},
  title     = {The {\LaTeX} Companion},
}

@article{ELIDRISSI94,
  author       = {{Chafik El Idrissi}, M. and {Roney}, A. and {Frigon}, C. and {Larzilli{\`e}re}, M.},
  date         = {1994},
  journaltitle = {Chemical Physics Letters},
  number       = {10},
  pages        = {260--266},
  title        = {Measurements of total kinetic-energy released to the {$N=2$} dissociation limit of H$_2$ --- evidence of the dissociation of very high vibrational Rydberg states of H$_2$ by doubly-excited states},
  volume       = {224},
}

@article{MELLINGER96,
  author       = {Mellinger, A. and Vidal, C. R. and Jungen, Ch.},
  date         = {1996},
  journaltitle = {J. Chem. Phys.},
  number       = {5},
  pages        = {8913--8921},
  title        = {Laser reduced fluorescence study of the carbon-monoxide nd triplet Rydberg series-experimental results and multichannel quantum-defect analysis},
  volume       = {104},
}

@article{SHELL02,
  author       = {Shell, Michael},
  date         = {2002},
  journaltitle = {Journal of {\LaTeX} Class Files},
  number       = {4},
  pages        = {100--120},
  title        = {How to Use the {IEEEtran \LaTeX} Class},
  volume       = {12},
}

@report{NPB2,
  author      = {Woo, Alex and Bailey, David and Yarrow, Maurice and Wijngaart, Wijngaart and Harris, Tim and Saphir, William},
  institution = {The Pennsylvania State University CiteSeer Archives},
  url         = {http://www.nasa.org/},
  date        = {1995-12},
  title       = {The {NAS} Parallel Benchmarks 2.0},
  type        = {techreport},
}

@inproceedings{DPMG,
  author    = {Kim, Sangbum and Woo, Namyoon and Yeom, Heon Y. and Park, Taesoon and Park, Hyoungwoo},
  location  = {Venice, Italy},
  booktitle = {the 10th European PVM/MPI Users' Group Conference},
  date      = {2003-09},
  title     = {Design and Implementation of Dynamic Process Management for Grid-enabled {MPICH}},
}

@inproceedings{cnproceed,
  author    = {王重阳 and 黄药师 and 欧阳峰 and 洪七公 and 段皇帝},
  location  = {西安, 中国},
  publisher = {中国古籍出版社},
  booktitle = {第~$N$~次华山论剑},
  date      = {2006-09},
  title     = {武林高手论文集},
}

@article{cnarticle,
  author       = {贾宝玉 and 林黛玉 and 薛宝钗 and 贾探春},
  date         = {1800},
  journaltitle = {红楼梦杂谈},
  pages        = {260--266},
  title        = {论刘姥姥食量大如牛之现实意义},
  volume       = {224},
}

@thesis{zhubajie,
  author      = {猪八戒},
  institution = {广寒宫大学},
  location    = {北京},
  date        = {2005},
  title       = {论流体食物的持久保存},
}

@thesis{shaheshang,
  author      = {沙和尚},
  institution = {清华大学},
  location    = {北京},
  date        = {2005},
  title       = {论流沙河的综合治理},
}

@thesis{metamori2004,
  author      = {Jeyakumar, Ashwin Raju},
  institution = {Virgina Tech},
  location    = {Blacksburg},
  date        = {2004-07},
  title       = {Metamori: A library for Incremental File Checkpointing},
}

@thesis{FistSystem01,
  author      = {Zadok, Erez},
  institution = {Computer Science Department, Columbia University},
  location    = {USA},
  date        = {2001-05},
  title       = {FiST: A System for Stackable File System Code Generation},
}

@inbook{ColdSources,
  author    = {Gr{\"o}ning, P. and Nilsson, L. and Ruffieux, P. and Clergereaux, R. and Gr{\"o}ning, O.},
  publisher = {American Scientific Publishers},
  date      = {2004},
  pages     = {547--579},
  title     = {Encyclopedia of Nanoscience and Nanotechnology},
  volume    = {1},
}

@thesis{bai2008,
  author      = {白云芬},
  institution = {上海交通大学},
  location    = {上海},
  date        = {2008},
  title       = {信用风险传染模型和信用衍生品的定价},
  type        = {phdthesis},
}

@online{xiaoyu2001,
  author  = {萧钰},
  url     = {http://www.creader.com/news/20011219/200112190019.html},
  date    = {2001-12-19},
  title   = {出版业信息化迈人快车道},
  urldate = {2002-04-15},
}

@article{CHRISTINE1998,
  author       = {Christine, Mlot},
  url          = {http://www.sciencemag.org/cgi/collection/anatmorp},
  date         = {1998},
  journaltitle = {Science},
  pages        = {331--332},
  title        = {Plant physiology: plant biology in the Genome Era},
  urldate      = {1998-09-23},
  volume       = {281},
}

@book{RManual,
  author       = {{R Core Team}},
  location     = {Vienna, Austria},
  organization = {R Foundation for Statistical Computing},
  url          = {http://www.R-project.org/},
  date         = {2012},
  note         = {{ISBN} 3-900051-07-0},
  title        = {R: A Language and Environment for Statistical Computing},
}

